@article{edcd,
  title={https://www.edcd.gov.np/section/dengue-control-program},
  author={Epidemiology and Disease Control Division},
  year={2023},
}
